<?xml version="1.0" encoding="UTF-8"?><collection xmlns="http://www.loc.gov/MARC21/slim"><record><leader>00320nam--2200121-i-4500</leader><controlfield tag="001">000003748</controlfield><controlfield tag="002">20161230</controlfield><controlfield tag="005">20161230201025</controlfield><controlfield tag="008">060222s1000------------r-----000-0-eng-d</controlfield><datafield ind1=" " ind2=" " tag="100"><subfield code="a">Chute, George M</subfield></datafield><datafield ind1=" " ind2=" " tag="245"><subfield code="a">Electronic control of resistance welding</subfield></datafield><datafield ind1=" " ind2=" " tag="260"><subfield code="a">New York, Mcgraw-hill Book Company.1943 389 P</subfield></datafield><datafield ind1=" " ind2=" " tag="852"><subfield code="a">133</subfield></datafield></record></collection>